@article{Abadie_2021,
  title   = {Using synthetic controls: Feasibility, data requirements, and methodological aspects},
  author  = {Abadie, Alberto},
  journal = {Journal of Economic Literature},
  volume  = {59},
  number  = {2},
  pages   = {391--425},
  year    = {2021},
  doi     = {10.1257/jel.20191450},
  url     = {https://doi.org/10.1257%2Fjel.20191450}
}
@book{Abadir_Magnus_2005,
  author    = {Abadir, Karim M. and Magnus, Jan R.},
  city      = {Cambridge, U.K.},
  publisher = {Cambridge University Press},
  title     = {Matrix Algebra},
  volume    = {1},
  year      = {2005},
  doi       = {10.1017/cbo9780511810800},
  url       = {https://doi.org/10.1017%2Fcbo9780511810800}
}
@article{Ahn_Lee_Schmidt_2001,
  title     = {GMM estimation of linear panel data models with time-varying individual effects},
  author    = {Ahn, Seung Chan and Lee, Young Hoon and Schmidt, Peter},
  journal   = {Journal of Econometrics},
  volume    = {101},
  number    = {2},
  pages     = {219--255},
  year      = {2001},
  publisher = {Elsevier},
  doi       = {10.1016/s0304-4076(00)00083-x},
  url       = {https://doi.org/10.1016%2Fs0304-4076%2800%2900083-x}
}
@article{Ahn_Lee_Schmidt_2013,
  title     = {Panel data models with multiple time-varying individual effects},
  author    = {Ahn, Seung C and Lee, Young H and Schmidt, Peter},
  journal   = {Journal of econometrics},
  volume    = {174},
  number    = {1},
  pages     = {1--14},
  year      = {2013},
  publisher = {Elsevier},
  doi       = {10.1016/j.jeconom.2012.12.002},
  url       = {https://doi.org/10.1016%2Fj.jeconom.2012.12.002}
}
@article{arcidiacono2020competitive,
  title   = {The competitive effects of entry: Evidence from supercenter expansion},
  author  = {Arcidiacono, Peter and Ellickson, Paul B and Mela, Carl F and Singleton, John D},
  journal = {American Economic Journal: Applied Economics},
  volume  = {12},
  number  = {3},
  pages   = {175--206},
  year    = {2020},
  doi     = {10.2139/ssrn.3045492},
  url     = {https://doi.org/10.2139%2Fssrn.3045492}
}
@article{Arellano_and_Bonhomme_2012,
  title     = {Identifying distributional characteristics in random coefficients panel data models},
  author    = {Arellano, Manuel and Bonhomme, St{\'e}phane},
  journal   = {The Review of Economic Studies},
  volume    = {79},
  number    = {3},
  pages     = {987--1020},
  year      = {2012},
  publisher = {Oxford University Press},
  doi       = {10.1920/wp.cem.2009.2209},
  url       = {https://doi.org/10.1920%2Fwp.cem.2009.2209}
}
@article{arkhangelsky2021synthetic,
  title     = {Synthetic difference-in-differences},
  author    = {Arkhangelsky, Dmitry and Athey, Susan and Hirshberg, David A and Imbens, Guido W and Wager, Stefan},
  journal   = {American Economic Review},
  volume    = {111},
  number    = {12},
  pages     = {4088--4118},
  year      = {2021},
  publisher = {American Economic Association 2014 Broadway, Suite 305, Nashville, TN 37203},
  doi       = {10.1257/aer.20190159},
  url       = {https:://doi.org/10.1257/aer.20190159}
}
@article{Athey_et_al_2021,
  title     = {Matrix completion methods for causal panel data models},
  author    = {Athey, Susan and Bayati, Mohsen and Doudchenko, Nikolay and Imbens, Guido and Khosravi, Khashayar},
  journal   = {Journal of the American Statistical Association},
  volume    = {116},
  number    = {536},
  pages     = {1716--1730},
  year      = {2021},
  publisher = {Taylor \& Francis},
  doi       = {10.1080/01621459.2021.1891924},
  url       = {https://doi.org/10.1080%2F01621459.2021.1891924}
}
@article{Bai_2009,
  title     = {Panel data models with interactive fixed effects},
  author    = {Bai, Jushan},
  journal   = {Econometrica},
  volume    = {77},
  number    = {4},
  pages     = {1229--1279},
  year      = {2009},
  publisher = {Wiley Online Library},
  doi       = {10.3982/ecta6135},
  url       = {https://doi.org/10.3982%2Fecta6135}
}
@article{basker2005job,
  doi       = {10.1162/0034653053327568},
  url       = {https://doi.org/10.1162%2F0034653053327568},
  year      = 2005,
  month     = {feb},
  publisher = {{MIT} Press - Journals},
  volume    = {87},
  number    = {1},
  pages     = {174--183},
  author    = {Emek Basker},
  title     = {Job Creation or Destruction? Labor Market Effects of Wal-Mart Expansion},
  journal   = {Review of Economics and Statistics}
}
@article{basker2007good,
  title   = {When good instruments go bad: A reply to Neumark, Zhang, and Ciccarella},
  author  = {Basker, Emek},
  journal = {Zhang, and Ciccarella (April 2007)},
  year    = {2007},
  doi     = {10.2139/ssrn.980988},
  url     = {https://doi.org/10.2139%2Fssrn.980988}
}
@techreport{BenMichael_et_al_2021,
  doi       = {10.1111/rssb.12448},
  url       = {https://doi.org/10.1111%2Frssb.12448},
  year      = 2021,
  month     = {dec},
  publisher = {Oxford University Press ({OUP})},
  volume    = {84},
  number    = {2},
  pages     = {351--381},
  author    = {Eli Ben-Michael and Avi Feller and Jesse Rothstein},
  title     = {Synthetic Controls with Staggered Adoption},
  journal   = {Journal of the Royal Statistical Society Series B: Statistical Methodology}
}
@techreport{Borusyak_Jaravel_Spiess_2021,
  title    = {Revisiting Event Study Designs: Robust and Efficient Estimation},
  author   = {Borusyak, Kirill and Jaravel, Xavier and Spiess, Jann},
  year     = {2022},
  pages    = {48},
  language = {en},
  doi      = {10.47004/wp.cem.2022.1122},
  url      = {https://doi.org/10.47004%2Fwp.cem.2022.1122}
}
@article{Breitung_Hansen_2021,
  author    = {Breitung, JÃ¶rg and Hansen, Philipp},
  doi       = {10.1007/s00181-020-01948-7},
  issn      = {14358921},
  issue     = {1},
  journal   = {Empirical Economics},
  month     = {1},
  pages     = {327-351},
  publisher = {Springer Science and Business Media Deutschland GmbH},
  title     = {Alternative estimation approaches for the factor augmented panel data model with small T},
  volume    = {60},
  year      = {2021},
  doi       = {10.1007/s00181-020-01948-7},
  url       = {https://doi.org/10.1007%2Fs00181-020-01948-7}
}
@techreport{Brown_2022,
  author      = {Brown, Nicholas},
  series      = {Working Paper},
  title       = {Moment-based Estimation of Linear Panel Data Models with Factor-augmented Errors},
  institution = {},
  year        = {2023}
}
@article{Brown_Butts_Westerlund_2023,
  title   = {Difference-in-Differences via Common Correlated Effects},
  author  = {Brown, Nicholas and Butts, Kyle and Westerlund, Joakim},
  journal = {arXiv preprint arXiv:2301.11358},
  year    = {2023},
  url     = {https://arxiv.org/abs/2301.11358}
}
@article{Brown_Schmidt_Wooldridge2021,
  author = {Brown, Nicholas L. and Schmidt, Peter and Wooldridge, Jeffrey M.},
  doi    = {10.13140/RG.2.2.12655.76969/1},
  title  = {Simple Alternatives to the Common Correlated Effects Model},
  url    = {https://www.researchgate.net/publication/356721977},
  year   = {2023}
}
@article{butts2022did2s,
  title   = {did2s: Two-Stage Difference-in-Differences},
  author  = {Butts, Kyle and Gardner, John},
  journal = {R Journal},
  volume  = {14},
  number  = {3},
  year    = {2022},
  doi     = {10.32614/rj-2022-048},
  url     = {https://doi.org/10.32614%2Frj-2022-048}
}
@article{Callaway_Karami_2020,
  doi       = {10.1016/j.jeconom.2022.02.001},
  url       = {https://doi.org/10.1016%2Fj.jeconom.2022.02.001},
  year      = 2023,
  month     = {mar},
  publisher = {Elsevier {BV}},
  volume    = {233},
  number    = {1},
  pages     = {184--208},
  author    = {Brantly Callaway and Sonia Karami},
  title     = {Treatment effects in interactive fixed effects models with a small number of time periods},
  journal   = {Journal of Econometrics}
}
@article{Callaway_Santanna_2021,
  title     = {Difference-in-differences with multiple time periods},
  author    = {Callaway, Brantly and Sant'Anna, Pedro HC},
  journal   = {Journal of Econometrics},
  volume    = {225},
  number    = {2},
  pages     = {200--230},
  year      = {2021},
  publisher = {Elsevier},
  doi       = {10.1016/j.jeconom.2020.12.001},
  url       = {https://doi.org/10.1016%2Fj.jeconom.2020.12.001}
}
@article{Chamberlain_1992,
  title     = {Efficiency bounds for semiparametric regression},
  author    = {Chamberlain, Gary},
  journal   = {Econometrica: Journal of the Econometric Society},
  pages     = {567--596},
  year      = {1992},
  publisher = {JSTOR},
  doi       = {10.2307/2951584},
  url       = {https://doi.org/10.2307%2F2951584}
}
@article{Chan_and_Kwok_2022,
  title     = {The PCDID approach: difference-in-differences when trends are potentially unparallel and stochastic},
  author    = {Chan, Marc K and Kwok, Simon S},
  journal   = {Journal of Business \& Economic Statistics},
  volume    = {40},
  number    = {3},
  pages     = {1216--1233},
  year      = {2022},
  publisher = {Taylor \& Francis},
  doi       = {10.1080/07350015.2021.1914636},
  url       = {https://doi.org/10.1080%2F07350015.2021.1914636}
}
@article{Cui_et_al_2022,
  doi       = {10.1093/ectj/utab029},
  url       = {https://doi.org/10.1093%2Fectj%2Futab029},
  year      = 2021,
  month     = {oct},
  publisher = {Oxford University Press ({OUP})},
  volume    = {25},
  number    = {2},
  pages     = {340--361},
  author    = {Guowei Cui and Milda Norkut{\.{e}} and Vasilis Sarafidis and Takashi Yamagata},
  title     = {Two-stage instrumental variable estimation of linear panel data models with interactive effects},
  journal   = {The Econometrics Journal}
}
@article{De_Vos_Everaert_2021,
  author    = {De Vos, Ignace and Everaert, Gerdie},
  doi       = {10.1080/07350015.2019.1654879},
  issn      = {15372707},
  issue     = {1},
  journal   = {Journal of Business and Economic Statistics},
  pages     = {294-306},
  publisher = {American Statistical Association},
  title     = {Bias-Corrected Common Correlated Effects Pooled Estimation in Dynamic Panels},
  volume    = {39},
  year      = {2021},
  doi       = {10.1080/07350015.2019.1654879},
  url       = {https://doi.org/10.1080%2F07350015.2019.1654879}
}
@techreport{eckert2021imputing,
  title       = {Imputing Missing Values in the US Census Bureau's County Business Patterns},
  author      = {Eckert, Fabian and Fort, Teresa C. and Schott, Peter K. and Yang, Natalie J.},
  year        = {2021},
  institution = {National Bureau of Economic Research},
  doi         = {10.3386/w26632},
  url         = {https://doi.org/10.3386/w26632}
}
@article{Fan_2016,
  title     = {Projected principal component analysis in factor models},
  author    = {Fan, Jianqing and Liao, Yuan and Wang, Weichen},
  journal   = {Annals of statistics},
  volume    = {44},
  number    = {1},
  pages     = {219},
  year      = {2016},
  publisher = {NIH Public Access},
  doi       = {10.1214/15-aos1364},
  url       = {https://doi.org/10.1214%2F15-aos1364}
}
@article{Freyaldenhoven_Hansen_Perez_Shapiro_2022,
  title   = {Visualization, identification, and estimation in the linear panel event-study design.},
  journal = {Advances in Economics and Econometrics: Twelfth World Congress},
  year    = {Forthcoming},
  author  = {Freyaldenhoven, Simon and Hansen, Christian and PÃ©rez, Jorge PÃ©rez and Shapiro, Jesse M.},
  doi     = {10.3386/w29170},
  url     = {https://doi.org/10.3386%2Fw29170}
}
@article{freyaldenhoven2019pre,
  doi       = {10.1257/aer.20180609},
  url       = {https://doi.org/10.1257%2Faer.20180609},
  year      = 2019,
  month     = {sep},
  publisher = {American Economic Association},
  volume    = {109},
  number    = {9},
  pages     = {3307--3338},
  author    = {Simon Freyaldenhoven and Christian Hansen and Jesse M. Shapiro},
  title     = {Pre-Event Trends in the Panel Event-Study Design},
  journal   = {American Economic Review}
}
@techreport{Gardner_2021,
  author      = {Gardner, John},
  series      = {Working Paper},
  title       = {Two-Stage Difference-in-Differences},
  institution = {},
  year        = {2021}
}
@article{Gobillon_Magnac_2016,
  title    = {Regional Policy Evaluation: Interactive Fixed Effects and Synthetic Controls},
  volume   = {98},
  number   = {3},
  journal  = {Review of Economics and Statistics},
  author   = {Gobillon, Laurent and Magnac, Thierry},
  year     = {2016},
  month    = {Jul},
  pages    = {535-551},
  language = {en},
  doi      = {10.1162/REST_a_00537},
  url      = {https://doi.org/10.1162/rest_a_00537}
}
@article{Goodman-Bacon_2021,
  doi       = {10.1016/j.jeconom.2021.03.014},
  url       = {https://doi.org/10.1016%2Fj.jeconom.2021.03.014},
  year      = 2021,
  month     = {dec},
  publisher = {Elsevier {BV}},
  volume    = {225},
  number    = {2},
  pages     = {254--277},
  author    = {Andrew Goodman-Bacon},
  title     = {Difference-in-differences with variation in treatment timing},
  journal   = {Journal of Econometrics}
}
@article{Hahn_Liao_Geert_2018,
  title     = {Nonparametric two-step sieve M estimation and inference},
  author    = {Hahn, Jinyong and Liao, Zhipeng and Ridder, Geert},
  journal   = {Econometric Theory},
  volume    = {34},
  number    = {6},
  pages     = {1281--1324},
  year      = {2018},
  publisher = {Cambridge University Press},
  doi       = {10.1017/s0266466618000014},
  url       = {https://doi.org/10.1017%2Fs0266466618000014}
}
@book{Hall_2004,
  title     = {Generalized Method of Moments},
  author    = {Hall, Alastair R},
  year      = {2004},
  publisher = {OUP Oxford},
  doi       = {10.1002/0471667196.ess0300},
  url       = {https://doi.org/10.1002%2F0471667196.ess0300}
}
@article{Hansen_1982,
  author  = {Hansen, Lars Peter},
  doi     = {10.2307/1912775},
  issn    = {00129682},
  issue   = {4},
  journal = {Econometrica},
  month   = {7},
  pages   = {1029-1054},
  title   = {Large Sample Properties of Generalized Method of Moments Estimators},
  volume  = {50},
  year    = {1982},
  doi     = {10.2307/1912775},
  url     = {https://doi.org/10.2307%2F1912775}
}
@article{Harding_et_al_2022,
  title   = {Estimation of a Factor-Augmented Linear Model with Applications Using Student Achievement Data},
  author  = {Harding, Matthew and Lamarche, Carlos and Muris, Chris},
  journal = {arXiv preprint arXiv:2203.03051},
  year    = {2022}
}
@article{Hayakawa_2012,
  author  = {Hayakawa, Kazuhiko},
  issue   = {2},
  journal = {Journal of the Japan Statistical Society},
  pages   = {109-123},
  title   = {GMM Estimation of Short Dynamic Panel Data Models with Interactive Fixed Effects},
  volume  = {42},
  year    = {2012},
  doi     = {10.14490/jjss.42.109},
  url     = {https://doi.org/10.14490%2Fjjss.42.109}
}
@article{Imbens_Kallus_Mao_2021,
  title   = {Controlling for Unmeasured Confounding in Panel Data Using Minimal Bridge Functions: From Two-Way Fixed Effects to Factor Models},
  author  = {Imbens, Guido and Kallus, Nathan and Mao, Xiaojie},
  journal = {arXiv preprint arXiv:2108.03849},
  year    = {2021}
}
@article{Juodis_Sarafidis_2018,
  author    = {Juodis, ArtÅ«ras and Sarafidis, Vasilis},
  issn      = {15324168},
  issue     = {8},
  journal   = {Econometric Reviews},
  month     = {9},
  pages     = {893-929},
  publisher = {Taylor and Francis Inc.},
  title     = {Fixed T dynamic panel data estimators with multifactor errors},
  volume    = {37},
  year      = {2018},
  doi       = {10.1080/00927872.2016.1178875},
  url       = {https://doi.org/10.1080/00927872.2016.1178875}
}
@article{Juodis_Sarafidis_2020,
  author    = {Juodis, ArtÅ«ras and Sarafidis, Vasilis},
  issn      = {15372707},
  journal   = {Journal of Business and Economic Statistics},
  publisher = {American Statistical Association},
  title     = {A Linear Estimator for Factor-Augmented Fixed-T Panels With Endogenous Regressors},
  year      = {2020},
  doi       = {10.1080/07350015.2020.1766469},
  url       = {https://doi.org/10.1080/07350015.2020.1766469}
}
@article{Juodis_Sarafidis_2022,
  title     = {A linear estimator for factor-augmented fixed-T panels with endogenous regressors},
  author    = {Juodis, Art{\=u}ras and Sarafidis, Vasilis},
  journal   = {Journal of Business \& Economic Statistics},
  volume    = {40},
  number    = {1},
  pages     = {1--15},
  year      = {2022},
  publisher = {Taylor \& Francis},
  doi       = {10.1080/07350015.2020.1766469},
  url       = {https://doi.org/10.1080%2F07350015.2020.1766469}
}
@article{Juodis_Sarafidis2021,
  doi       = {10.1016/j.jeconom.2021.03.011},
  url       = {https://doi.org/10.1016%2Fj.jeconom.2021.03.011},
  year      = 2022,
  month     = {jul},
  publisher = {Elsevier {BV}},
  volume    = {229},
  number    = {1},
  pages     = {19--54},
  author    = {Art{\={u}}ras Juodis and Vasilis Sarafidis},
  title     = {An incidental parameters free inference approach for panels with common shocks},
  journal   = {Journal of Econometrics}
}
@article{kejriwal2021efficacy,
  title   = {The Efficacy of Ability Proxies for Estimating the Returns to Schooling: A Factor Model-Based Evaluation},
  author  = {Kejriwal, Mohitosh and Li, Xiaoxiao and Totty, Evan},
  journal = {Available at SSRN 3843260},
  year    = {2021},
  doi     = {10.2139/ssrn.3843260},
  url     = {https://doi.org/10.2139%2Fssrn.3843260}
}
@article{manson2020ipums,
  title  = {IPUMS national historical geographic information system: Version 15.0},
  author = {Manson, Steven M},
  year   = {2020}
}
@article{mogensen2018optim,
  title     = {Optim: A mathematical optimization package for Julia},
  author    = {Mogensen, P and Riseth, A},
  journal   = {Journal of Open Source Software},
  volume    = {3},
  number    = {24},
  year      = {2018},
  publisher = {Open Journals},
  url       = {https://joss.theoj.org/papers/10.21105/joss.00615}
}
@article{neumark2008effects,
  doi       = {10.1016/j.jue.2007.07.004},
  url       = {https://doi.org/10.1016%2Fj.jue.2007.07.004},
  year      = 2008,
  month     = {mar},
  publisher = {Elsevier {BV}},
  volume    = {63},
  number    = {2},
  pages     = {405--430},
  author    = {David Neumark and Junfu Zhang and Stephen Ciccarella},
  title     = {The effects of Wal-Mart on local labor markets},
  journal   = {Journal of Urban Economics}
}
@article{Pesaran_2006,
  doi       = {10.1111/j.1468-0262.2006.00692.x},
  url       = {https://doi.org/10.1111%2Fj.1468-0262.2006.00692.x},
  year      = 2006,
  month     = {jul},
  publisher = {The Econometric Society},
  volume    = {74},
  number    = {4},
  pages     = {967--1012},
  author    = {M. Hashem Pesaran},
  title     = {Estimation and Inference in Large Heterogeneous Panels with a Multifactor Error Structure},
  journal   = {Econometrica}
}
@techreport{Rai_2022,
  doi       = {10.1080/07474938.2023.2178089},
  url       = {https://doi.org/10.1080%2F07474938.2023.2178089},
  year      = 2023,
  month     = {feb},
  publisher = {Informa {UK} Limited},
  volume    = {42},
  number    = {2},
  pages     = {220--239},
  author    = {Bhavna Rai},
  title     = {Efficient estimation with missing data and endogeneity},
  journal   = {Econometric Reviews}
}
@techreport{rambachan2022more,
  doi       = {10.1093/restud/rdad018},
  url       = {https://doi.org/10.1093%2Frestud%2Frdad018},
  year      = 2023,
  month     = {feb},
  publisher = {Oxford University Press ({OUP})},
  author    = {Ashesh Rambachan and Jonathan Roth},
  title     = {A More Credible Approach to Parallel Trends},
  journal   = {Review of Economic Studies}
}
\@article{Robertson_Sarafidis_2015,
  doi       = {10.1016/j.jeconom.2014.12.001},
  url       = {https://doi.org/10.1016%2Fj.jeconom.2014.12.001},
  year      = 2015,
  month     = {apr},
  publisher = {Elsevier {BV}},
  volume    = {185},
  number    = {2},
  pages     = {526--541},
  author    = {Donald Robertson and Vasilis Sarafidis},
  title     = {{IV} estimation of panels with factor residuals},
  journal   = {Journal of Econometrics}
}
@article{stapp2014walmart,
  title   = {The Walmart Effect: Labor Market Implications in Rural and Urban Counties},
  author  = {Stapp, Jacob},
  journal = {SS-AAEA Journal of Agricultural Economics},
  volume  = {2014},
  number  = {318-2016-9525},
  year    = {2014},
  url     = {https://ideas.repec.org/a/ags/ssaaea/232737.html}
}
@article{volpe2022economic,
  title     = {The Economic Impacts of Walmart Supercenters},
  author    = {Volpe, Richard and Boland, Michael A},
  journal   = {Annual Review of Resource Economics},
  volume    = {14},
  pages     = {43--62},
  year      = {2022},
  publisher = {Annual Reviews},
  doi       = {10.1146/annurev-resource-111820-032827},
  url       = {https://doi.org/10.1146%2Fannurev-resource-111820-032827}
}
@article{Westerlund_2020,
  title     = {A cross-section average-based principal components approach for fixed-T panels},
  author    = {Westerlund, Joakim},
  journal   = {Journal of Applied Econometrics},
  volume    = {35},
  number    = {6},
  pages     = {776--785},
  year      = {2020},
  publisher = {Wiley Online Library},
  doi       = {10.1002/jae.2786},
  url       = {https://doi.org/10.1002%2Fjae.2786}
}
@article{Westerlund_Petrova_Norkute_2019,
  author    = {Westerlund, Joakim and Petrova, Yana and Norkut\.e, Milda},
  issn      = {10991255},
  issue     = {5},
  journal   = {Journal of Applied Econometrics},
  month     = {8},
  pages     = {746-761},
  publisher = {John Wiley and Sons Ltd},
  title     = {CCE in fixed-T panels},
  volume    = {34},
  year      = {2019},
  doi       = {10.1002/jae.2707},
  url       = {https://doi.org/10.1002%2Fjae.2707}
}
@article{Westerlund2019,
  title     = {On Estimation and Inference in Heterogeneous Panel Regressions with Interactive Effects},
  author    = {Westerlund, Joakim},
  journal   = {Journal of Time Series Analysis},
  volume    = {40},
  number    = {5},
  pages     = {852--857},
  year      = {2019},
  publisher = {Wiley Online Library},
  doi       = {10.1111/jtsa.12432},
  url       = {https://doi.org/10.1111%2Fjtsa.12432}
}
@book{Wooldridge_2010,
  title     = {Econometric analysis of cross section and panel data},
  author    = {Wooldridge, Jeffrey M},
  year      = {2010},
  publisher = {MIT press}
}
@techreport{Wooldridge_2021,
  author = {Wooldridge, Jeffrey M},
  series = {Working Paper},
  title  = {Two-Way Fixed Effects, the Two-Way Mundlak Regression, and Difference-in-Differences Estimators},
  year   = {2021},
  url    = {https://papers.ssrn.com/sol3/papers.cfm?abstract_id=3906345}
}
@article{Xu_2017,
  title     = {Generalized synthetic control method: Causal inference with interactive fixed effects models},
  author    = {Xu, Yiqing},
  journal   = {Political Analysis},
  volume    = {25},
  number    = {1},
  pages     = {57--76},
  year      = {2017},
  publisher = {Cambridge University Press},
  doi       = {10.1017/pan.2016.2},
  url       = {https://doi.org/10.1017%2Fpan.2016.2}
}
