@article{abadie2005semiparametric,
  title     = {Semiparametric difference-in-differences estimators},
  author    = {Abadie, Alberto},
  journal   = {The review of economic studies},
  volume    = {72},
  number    = {1},
  pages     = {1--19},
  year      = {2005},
  publisher = {Wiley-Blackwell},
}
@article{abadie2010synthetic,
  title     = {Synthetic control methods for comparative case studies: Estimating the effect of California's tobacco control program},
  author    = {Abadie, Alberto and Diamond, Alexis and Hainmueller, Jens},
  year      = 2010,
  journal   = {Journal of the American statistical Association},
  publisher = {Taylor \& Francis},
  volume    = 105,
  number    = 490,
  pages     = {493--505},
}
@article{abadie2021using,
  title   = {Using synthetic controls: Feasibility, data requirements, and methodological aspects},
  author  = {Abadie, Alberto},
  year    = 2021,
  journal = {Journal of Economic Literature},
  volume  = 59,
  number  = 2,
  pages   = {391--425},
  doi     = {10.1257/jel.20191450},
  url     = {https://doi.org/10.1257%2Fjel.20191450},
}
@book{abadir2005matrix,
  title     = {Matrix Algebra},
  author    = {Abadir, Karim M. and Magnus, Jan R.},
  year      = 2005,
  publisher = {Cambridge University Press},
  volume    = 1,
  doi       = {10.1017/cbo9780511810800},
  url       = {https://doi.org/10.1017%2Fcbo9780511810800},
  city      = {Cambridge, U.K.},
}
@article{Ahn_Lee_Schmidt_2001,
  title     = {GMM estimation of linear panel data models with time-varying individual effects},
  author    = {Ahn, Seung Chan and Lee, Young Hoon and Schmidt, Peter},
  year      = 2001,
  journal   = {Journal of Econometrics},
  publisher = {Elsevier},
  volume    = 101,
  number    = 2,
  pages     = {219--255},
  doi       = {10.1016/s0304-4076(00)00083-x},
  url       = {https://doi.org/10.1016%2Fs0304-4076%2800%2900083-x},
}
@article{Ahn_Lee_Schmidt_2013,
  title     = {Panel data models with multiple time-varying individual effects},
  author    = {Ahn, Seung C and Lee, Young H and Schmidt, Peter},
  year      = 2013,
  journal   = {Journal of econometrics},
  publisher = {Elsevier},
  volume    = 174,
  number    = 1,
  pages     = {1--14},
  doi       = {10.1016/j.jeconom.2012.12.002},
  url       = {https://doi.org/10.1016%2Fj.jeconom.2012.12.002},
}
@article{arcidiacono2020competitive,
  title   = {The competitive effects of entry: Evidence from supercenter expansion},
  author  = {Arcidiacono, Peter and Ellickson, Paul B and Mela, Carl F and Singleton, John D},
  year    = 2020,
  journal = {American Economic Journal: Applied Economics},
  volume  = 12,
  number  = 3,
  pages   = {175--206},
  doi     = {10.2139/ssrn.3045492},
  url     = {https://doi.org/10.2139%2Fssrn.3045492},
}
@article{Arellano_and_Bonhomme_2012,
  title     = {Identifying distributional characteristics in random coefficients panel data models},
  author    = {Arellano, Manuel and Bonhomme, St{\'e}phane},
  year      = 2012,
  journal   = {The Review of Economic Studies},
  publisher = {Oxford University Press},
  volume    = 79,
  number    = 3,
  pages     = {987--1020},
  doi       = {10.1920/wp.cem.2009.2209},
  url       = {https://doi.org/10.1920%2Fwp.cem.2009.2209},
}
@article{arkhangelsky2021synthetic,
  title     = {Synthetic difference-in-differences},
  author    = {Arkhangelsky, Dmitry and Athey, Susan and Hirshberg, David A and Imbens, Guido W and Wager, Stefan},
  year      = 2021,
  journal   = {American Economic Review},
  publisher = {American Economic Association 2014 Broadway, Suite 305, Nashville, TN 37203},
  volume    = 111,
  number    = 12,
  pages     = {4088--4118},
  doi       = {10.1257/aer.20190159},
  url       = {https:://doi.org/10.1257/aer.20190159},
}
@article{asquith2021local,
  title     = {Local effects of large new apartment buildings in low-income areas},
  author    = {Asquith, Brian J and Mast, Evan and Reed, Davin},
  year      = 2021,
  journal   = {Review of Economics and Statistics},
  publisher = {MIT Press One Rogers Street, Cambridge, MA 02142-1209, USA journals-info~…},
  pages     = {1--46},
}
@article{Athey_et_al_2021,
  title     = {Matrix completion methods for causal panel data models},
  author    = {Athey, Susan and Bayati, Mohsen and Doudchenko, Nikolay and Imbens, Guido and Khosravi, Khashayar},
  year      = 2021,
  journal   = {Journal of the American Statistical Association},
  publisher = {Taylor \& Francis},
  volume    = 116,
  number    = 536,
  pages     = {1716--1730},
  doi       = {10.1080/01621459.2021.1891924},
  url       = {https://doi.org/10.1080%2F01621459.2021.1891924},
}
@article{Bai_2009,
  title     = {Panel data models with interactive fixed effects},
  author    = {Bai, Jushan},
  year      = 2009,
  journal   = {Econometrica},
  publisher = {Wiley Online Library},
  volume    = 77,
  number    = 4,
  pages     = {1229--1279},
  doi       = {10.3982/ecta6135},
  url       = {https://doi.org/10.3982%2Fecta6135},
}
@article{Bai_Ng_2021,
  title     = {Matrix completion, counterfactuals, and factor analysis of missing data},
  author    = {Bai, Jushan and Ng, Serena},
  journal   = {Journal of the American Statistical Association},
  volume    = {116},
  number    = {536},
  pages     = {1746--1763},
  year      = {2021},
  publisher = {Taylor \& Francis},
}
@article{bai2021matrix,
  title     = {Matrix completion, counterfactuals, and factor analysis of missing data},
  author    = {Bai, Jushan and Ng, Serena},
  journal   = {Journal of the American Statistical Association},
  volume    = {116},
  number    = {536},
  pages     = {1746--1763},
  year      = {2021},
  publisher = {Taylor \& Francis},
}
@article{Balazsi_et_al_2018,
  title     = {The estimation of multidimensional fixed effects panel data models},
  author    = {Balazsi, Laszlo and Matyas, Laszlo and Wansbeek, Tom},
  journal   = {Econometric Reviews},
  volume    = {37},
  number    = {3},
  pages     = {212--227},
  year      = {2018},
  publisher = {Taylor \& Francis},
}
@article{basker2005job,
  title     = {Job Creation or Destruction? Labor Market Effects of Wal-Mart Expansion},
  author    = {Emek Basker},
  year      = 2005,
  month     = 2,
  journal   = {Review of Economics and Statistics},
  publisher = {{MIT} Press - Journals},
  volume    = 87,
  number    = 1,
  pages     = {174--183},
  doi       = {10.1162/0034653053327568},
  url       = {https://doi.org/10.1162%2F0034653053327568},
}
@article{basker2007good,
  title   = {When good instruments go bad: A reply to Neumark, Zhang, and Ciccarella},
  author  = {Basker, Emek},
  year    = 2007,
  journal = {Zhang, and Ciccarella (April 2007)},
  doi     = {10.2139/ssrn.980988},
  url     = {https://doi.org/10.2139%2Fssrn.980988},
}
@article{ben2021augmented,
  title     = {The augmented synthetic control method},
  author    = {Ben-Michael, Eli and Feller, Avi and Rothstein, Jesse},
  journal   = {Journal of the American Statistical Association},
  volume    = {116},
  number    = {536},
  pages     = {1789--1803},
  year      = {2021},
  publisher = {Taylor \& Francis},
}
@techreport{BenMichael_et_al_2021,
  title     = {Synthetic Controls with Staggered Adoption},
  author    = {Eli Ben-Michael and Avi Feller and Jesse Rothstein},
  year      = 2021,
  month     = {dec},
  journal   = {Journal of the Royal Statistical Society Series B: Statistical Methodology},
  publisher = {Oxford University Press ({OUP})},
  volume    = 84,
  number    = 2,
  pages     = {351--381},
  doi       = {10.1111/rssb.12448},
  url       = {https://doi.org/10.1111%2Frssb.12448},
}

@unpublished{Borusyak_Jaravel_Spiess_2021,
  title  = {Revisiting Event Study Designs: Robust and Efficient Estimation},
  author = {Borusyak, Kirill and Jaravel, Xavier and Spiess, Jann},
  year   = {2024},
  doi    = {10.47004/wp.cem.2022.1122},
  note   = {Review of Economic Studies},
}
@article{Botosaru_et_al_2023,
  title   = {Forecasted treatment effects},
  author  = {Botosaru, Irene and Giacomini, Raffaella and Weidner, Martin},
  journal = {arXiv preprint arXiv:2309.05639},
  year    = {2023},
}
@article{Breitung_Hansen_2021,
  title     = {Alternative estimation approaches for the factor augmented panel data model with small T},
  author    = {Breitung, Jörg and Hansen, Philipp},
  year      = 2021,
  month     = 1,
  journal   = {Empirical Economics},
  publisher = {Springer Science and Business Media Deutschland GmbH},
  volume    = 60,
  pages     = {327--351},
  doi       = {10.1007/s00181-020-01948-7},
  doi       = {10.1007/s00181-020-01948-7},
  issn      = 14358921,
  url       = {https://doi.org/10.1007%2Fs00181-020-01948-7},
  issue     = 1,
}
@article{breusch1999redundancy,
  title     = {Redundancy of moment conditions},
  author    = {Breusch, Trevor and Qian, Hailong and Schmidt, Peter and Wyhowski, Donald},
  journal   = {Journal of econometrics},
  volume    = {91},
  number    = {1},
  pages     = {89--111},
  year      = {1999},
  publisher = {Elsevier},
}
@misc{Brown_2022,
  title        = {Moment-based Estimation of Linear Panel Data Models with Factor-augmented Errors},
  author       = {Brown, Nicholas},
  year         = 2023,
  howpublished = {Working Paper},
}
@misc{Brown_Butts_Westerlund_2023,
  title  = {Simple Difference-in-Differences Estimation in Fixed-T Panels},
  author = {Nicholas Brown and Kyle Butts and Joakim Westerlund},
  year   = 2023,
  eprint = {arXiv:2301.11358},
}
@misc{Brown_Schmidt_Wooldridge2021,
  title  = {Simple Alternatives to the Common Correlated Effects Model},
  author = {Brown, Nicholas L. and Schmidt, Peter and Wooldridge, Jeffrey M.},
  year   = 2023,
  doi    = {10.13140/RG.2.2.12655.76969/1},
  eprint = {https://www.researchgate.net/publication/356721977},
}
@article{butts2022did2s,
  title   = {did2s: Two-Stage Difference-in-Differences},
  author  = {Butts, Kyle and Gardner, John},
  year    = 2022,
  journal = {R Journal},
  volume  = 14,
  number  = 3,
  doi     = {10.32614/rj-2022-048},
  url     = {https://doi.org/10.32614%2Frj-2022-048},
}
@unpublished{Caetano_Callaway_Payne_Rodrigues_2022,
  title  = {Difference in Differences with Time-Varying Covariates},
  note   = {arXiv: 2202.02903},
  author = {Caetano, Carolina and Callaway, Brantly and Payne, Stroud and Rodrigues, Hugo Sant’Anna},
  year   = {2022},
}

@article{Callaway_Karami_2020,
  title     = {Treatment effects in interactive fixed effects models with a small number of time periods},
  author    = {Brantly Callaway and Sonia Karami},
  year      = 2023,
  month     = {03},
  journal   = {Journal of Econometrics},
  publisher = {Elsevier {BV}},
  volume    = 233,
  number    = 1,
  pages     = {184--208},
  doi       = {10.1016/j.jeconom.2022.02.001},
  url       = {https://doi.org/10.1016%2Fj.jeconom.2022.02.001},
}
@article{Callaway_Santanna_2021,
  title     = {Difference-in-differences with multiple time periods},
  author    = {Callaway, Brantly and Sant'Anna, Pedro HC},
  year      = 2021,
  journal   = {Journal of Econometrics},
  publisher = {Elsevier},
  volume    = 225,
  number    = 2,
  pages     = {200--230},
  doi       = {10.1016/j.jeconom.2020.12.001},
  url       = {https://doi.org/10.1016%2Fj.jeconom.2020.12.001},
}
@article{Chamberlain_1992,
  title     = {Efficiency bounds for semiparametric regression},
  author    = {Chamberlain, Gary},
  year      = 1992,
  journal   = {Econometrica: Journal of the Econometric Society},
  publisher = {JSTOR},
  pages     = {567--596},
  doi       = {10.2307/2951584},
  url       = {https://doi.org/10.2307%2F2951584},
}
@article{Chan_and_Kwok_2022,
  title     = {The PCDID approach: difference-in-differences when trends are potentially unparallel and stochastic},
  author    = {Chan, Marc K and Kwok, Simon S},
  year      = 2022,
  journal   = {Journal of Business \& Economic Statistics},
  publisher = {Taylor \& Francis},
  volume    = 40,
  number    = 3,
  pages     = {1216--1233},
  doi       = {10.1080/07350015.2021.1914636},
  url       = {https://doi.org/10.1080%2F07350015.2021.1914636},
}
@article{Cragg_Donald_1997inferring,
  title     = {Inferring the rank of a matrix},
  author    = {Cragg, John G and Donald, Stephen G},
  journal   = {Journal of econometrics},
  volume    = {76},
  number    = {1-2},
  pages     = {223--250},
  year      = {1997},
  publisher = {Elsevier},
}
@article{Cui_et_al_2022,
  title     = {Two-stage instrumental variable estimation of linear panel data models with interactive effects},
  author    = {Guowei Cui and Milda Norkut{\.{e}} and Vasilis Sarafidis and Takashi Yamagata},
  year      = 2021,
  month     = {oct},
  journal   = {The Econometrics Journal},
  publisher = {Oxford University Press ({OUP})},
  volume    = 25,
  number    = 2,
  pages     = {340--361},
  doi       = {10.1093/ectj/utab029},
  url       = {https://doi.org/10.1093%2Fectj%2Futab029},
}
@article{De_Vos_Everaert_2021,
  title     = {Bias-Corrected Common Correlated Effects Pooled Estimation in Dynamic Panels},
  author    = {De Vos, Ignace and Everaert, Gerdie},
  year      = 2021,
  journal   = {Journal of Business and Economic Statistics},
  publisher = {American Statistical Association},
  volume    = 39,
  pages     = {294--306},
  doi       = {10.1080/07350015.2019.1654879},
  doi       = {10.1080/07350015.2019.1654879},
  issn      = 15372707,
  url       = {https://doi.org/10.1080%2F07350015.2019.1654879},
  issue     = 1,
}
@techreport{eckert2021imputing,
  title       = {Imputing Missing Values in the US Census Bureau's County Business Patterns},
  author      = {Eckert, Fabian and Fort, Teresa C. and Schott, Peter K. and Yang, Natalie J.},
  year        = 2021,
  doi         = {10.3386/w26632},
  url         = {https://doi.org/10.3386/w26632},
  institution = {National Bureau of Economic Research},
}
@article{Fan_2016,
  title     = {Projected principal component analysis in factor models},
  author    = {Fan, Jianqing and Liao, Yuan and Wang, Weichen},
  year      = 2016,
  journal   = {Annals of statistics},
  publisher = {NIH Public Access},
  volume    = 44,
  number    = 1,
  pages     = 219,
  doi       = {10.1214/15-aos1364},
  url       = {https://doi.org/10.1214%2F15-aos1364},
}
@article{Feng_2020,
  title   = {Causal inference in possibly nonlinear factor models},
  author  = {Feng, Yingjie},
  journal = {arXiv preprint arXiv:2008.13651},
  year    = {2020},
}
@article{ferman2021synthetic,
  title     = {Synthetic controls with imperfect pretreatment fit},
  author    = {Ferman, Bruno and Pinto, Cristine},
  year      = 2021,
  journal   = {Quantitative Economics},
  publisher = {Wiley Online Library},
  volume    = 12,
  number    = 4,
  pages     = {1197--1221},
}
@article{fernandez2021low,
  title     = {Low-rank approximations of nonseparable panel models},
  author    = {Fern{\'a}ndez-Val, Iv{\'a}n and Freeman, Hugo and Weidner, Martin},
  year      = 2021,
  journal   = {The Econometrics Journal},
  publisher = {Oxford University Press},
  volume    = 24,
  number    = 2,
  pages     = {C40--C77},
}
@misc{Freyaldenhoven_Hansen_Perez_Shapiro_2022,
  title   = {Visualization, identification, and estimation in the linear panel event-study design},
  author  = {Freyaldenhoven, Simon and Hansen, Christian and Pérez, Jorge Pérez and Shapiro, Jesse M.},
  year    = {Forthcoming},
  journal = {Advances in Economics and Econometrics: Twelfth World Congress},
  doi     = {10.3386/w29170},
  url     = {https://doi.org/10.3386%2Fw29170},
}
@article{freyaldenhoven2019pre,
  title     = {Pre-Event Trends in the Panel Event-Study Design},
  author    = {Simon Freyaldenhoven and Christian Hansen and Jesse M. Shapiro},
  year      = 2019,
  month     = {09},
  journal   = {American Economic Review},
  publisher = {American Economic Association},
  volume    = 109,
  number    = 9,
  pages     = {3307--3338},
  doi       = {10.1257/aer.20180609},
  url       = {https://doi.org/10.1257%2Faer.20180609},
}
@misc{Gardner_2021,
  title  = {Two-Stage Difference-in-Differences},
  author = {Gardner, John},
  year   = 2021,
  eprint = {arXiv:2207.05943},
}
@article{Gobillon_Magnac_2016,
  title    = {Regional Policy Evaluation: Interactive Fixed Effects and Synthetic Controls},
  author   = {Gobillon, Laurent and Magnac, Thierry},
  year     = 2016,
  month    = 7,
  journal  = {Review of Economics and Statistics},
  volume   = 98,
  number   = 3,
  pages    = {535--551},
  doi      = {10.1162/REST_a_00537},
  url      = {https://doi.org/10.1162/rest_a_00537},
  language = {en},
}
@article{Goodman-Bacon_2021,
  title     = {Difference-in-differences with variation in treatment timing},
  author    = {Andrew Goodman-Bacon},
  year      = 2021,
  month     = {12},
  journal   = {Journal of Econometrics},
  publisher = {Elsevier {BV}},
  volume    = 225,
  number    = 2,
  pages     = {254--277},
  doi       = {10.1016/j.jeconom.2021.03.014},
  url       = {https://doi.org/10.1016%2Fj.jeconom.2021.03.014},
}
@article{Guimaraes_Portugal_2010,
  title     = {A simple feasible procedure to fit models with high-dimensional fixed effects},
  author    = {Guimaraes, Paulo and Portugal, Pedro},
  journal   = {The Stata Journal},
  volume    = {10},
  number    = {4},
  pages     = {628--649},
  year      = {2010},
  publisher = {SAGE Publications Sage CA: Los Angeles, CA},
}
@article{Hahn_Liao_Geert_2018,
  title     = {Nonparametric two-step sieve M estimation and inference},
  author    = {Hahn, Jinyong and Liao, Zhipeng and Ridder, Geert},
  year      = 2018,
  journal   = {Econometric Theory},
  publisher = {Cambridge University Press},
  volume    = 34,
  number    = 6,
  pages     = {1281--1324},
  doi       = {10.1017/s0266466618000014},
  url       = {https://doi.org/10.1017%2Fs0266466618000014},
}
@book{Hall_2004,
  title     = {Generalized Method of Moments},
  author    = {Hall, Alastair R},
  year      = 2004,
  publisher = {OUP Oxford},
  doi       = {10.1002/0471667196.ess0300},
  url       = {https://doi.org/10.1002%2F0471667196.ess0300},
}
@article{Hansen_1982,
  title   = {Large Sample Properties of Generalized Method of Moments Estimators},
  author  = {Hansen, Lars Peter},
  year    = 1982,
  month   = 7,
  journal = {Econometrica},
  volume  = 50,
  pages   = {1029--1054},
  doi     = {10.2307/1912775},
  issn    = {00129682},
  url     = {https://doi.org/10.2307%2F1912775},
  issue   = 4,
}
@misc{Harding_et_al_2022,
  title  = {Estimation of a Factor-Augmented Linear Model with Applications Using Student Achievement Data},
  author = {Harding, Matthew and Lamarche, Carlos and Muris, Chris},
  year   = 2022,
  eprint = {arXiv:2203.03051},
}
@article{Hayakawa_2012,
  title   = {GMM Estimation of Short Dynamic Panel Data Models with Interactive Fixed Effects},
  author  = {Hayakawa, Kazuhiko},
  year    = 2012,
  journal = {Journal of the Japan Statistical Society},
  volume  = 42,
  pages   = {109--123},
  doi     = {10.14490/jjss.42.109},
  url     = {https://doi.org/10.14490%2Fjjss.42.109},
  issue   = 2,
}
@misc{Imbens_Kallus_Mao_2021,
  title  = {Controlling for Unmeasured Confounding in Panel Data Using Minimal Bridge Functions: From Two-Way Fixed Effects to Factor Models},
  author = {Imbens, Guido and Kallus, Nathan and Mao, Xiaojie},
  year   = 2021,
  eprint = {arXiv:2108.03849},
}
@book{imbens2015causal,
  title     = {Causal inference in statistics, social, and biomedical sciences},
  author    = {Imbens, Guido W and Rubin, Donald B},
  year      = {2015},
  publisher = {Cambridge university press},
}
@article{Juodis_Sarafidis_2018,
  title     = {Fixed T dynamic panel data estimators with multifactor errors},
  author    = {Juodis, Artūras and Sarafidis, Vasilis},
  year      = 2018,
  month     = 9,
  journal   = {Econometric Reviews},
  publisher = {Taylor and Francis Inc.},
  volume    = 37,
  pages     = {893--929},
  doi       = {10.1080/00927872.2016.1178875},
  issn      = 15324168,
  url       = {https://doi.org/10.1080/00927872.2016.1178875},
  issue     = 8,
}
@article{Juodis_Sarafidis_2022,
  title     = {A Linear Estimator for Factor-Augmented Fixed-T Panels With Endogenous Regressors},
  author    = {Juodis, Artūras and Sarafidis, Vasilis},
  year      = 2022,
  journal   = {Journal of Business \& Economic Statistics},
  publisher = {Taylor \& Francis},
  volume    = 40,
  number    = 1,
  pages     = {1--15},
  doi       = {10.1080/07350015.2020.1766469},
  url       = {https://doi.org/10.1080%2F07350015.2020.1766469},
}
@article{Juodis_Sarafidis2021,
  title     = {An incidental parameters free inference approach for panels with common shocks},
  author    = {Art{\={u}}ras Juodis and Vasilis Sarafidis},
  year      = 2022,
  month     = {jul},
  journal   = {Journal of Econometrics},
  publisher = {Elsevier {BV}},
  volume    = 229,
  number    = 1,
  pages     = {19--54},
  doi       = {10.1016/j.jeconom.2021.03.011},
  url       = {https://doi.org/10.1016%2Fj.jeconom.2021.03.011},
}
@article{kejriwal2024efficacy,
  title     = {The efficacy of ability proxies for estimating the returns to schooling: A factor model-based evaluation},
  author    = {Kejriwal, Mohitosh and Li, Xiaoxiao and Nguyen, Linh and Totty, Evan},
  journal   = {Journal of Applied Econometrics},
  volume    = {39},
  number    = {1},
  pages     = {3--21},
  year      = {2024},
  publisher = {Wiley Online Library},
}
@article{lu2015trade,
  title   = {Trade liberalization and markup dispersion: evidence from China's WTO accession},
  author  = {Lu, Yi and Yu, Linhui},
  journal = {American Economic Journal: Applied Economics},
  volume  = {7},
  pages   = {221--253},
  year    = {2015},
}
@techreport{Luo_et_al_2017,
  title       = {An Iterative Approach to Estimation with Multiple High-Dimensional Fixed Effects: Controlling Simultaneously for Patients, Providers and Counties},
  author      = {Luo, Siyi and Zhu, Wenjia and Ellis, Randall P},
  year        = {2017},
  institution = {Boston University working paper},
}
@misc{manson2020ipums,
  title  = {IPUMS national historical geographic information system: Version 15.0},
  author = {Manson, Steven M},
  year   = 2020,
}
@article{Menchetti_et_al_2023,
  title     = {Combining counterfactual outcomes and ARIMA models for policy evaluation},
  author    = {Menchetti, Fiammetta and Cipollini, Fabrizio and Mealli, Fabrizia},
  journal   = {The Econometrics Journal},
  volume    = {26},
  number    = {1},
  pages     = {1--24},
  year      = {2023},
  publisher = {Oxford University Press},
}
@article{mogensen2018optim,
  title     = {Optim: A mathematical optimization package for Julia},
  author    = {Mogensen, P and Riseth, A},
  year      = 2018,
  journal   = {Journal of Open Source Software},
  publisher = {Open Journals},
  volume    = 3,
  number    = 24,
  url       = {https://joss.theoj.org/papers/10.21105/joss.00615},
}
@article{neumark2008effects,
  title     = {The effects of Wal-Mart on local labor markets},
  author    = {David Neumark and Junfu Zhang and Stephen Ciccarella},
  year      = 2008,
  month     = 3,
  journal   = {Journal of Urban Economics},
  publisher = {Elsevier {BV}},
  volume    = 63,
  number    = 2,
  pages     = {405--430},
  doi       = {10.1016/j.jue.2007.07.004},
  url       = {https://doi.org/10.1016%2Fj.jue.2007.07.004},
}
@incollection{neumark2015place,
  title     = {Place-based policies},
  author    = {Neumark, David and Simpson, Helen},
  year      = 2015,
  booktitle = {Handbook of regional and urban economics},
  publisher = {Elsevier},
  volume    = 5,
  pages     = {1197--1287},
}
@misc{pennington2021does,
  title  = {Does building new housing cause displacement?: the supply and demand effects of construction in San Francisco},
  author = {Pennington, Kate},
  year   = 2021,
  doi    = {10.2139/ssrn.3867764},
}
@article{pesaran2006estimation,
  title     = {Estimation and inference in large heterogeneous panels with a multifactor error structure},
  author    = {Pesaran, M Hashem},
  year      = 2006,
  journal   = {Econometrica},
  publisher = {Wiley Online Library},
  volume    = 74,
  number    = 4,
  pages     = {967--1012},
}
@article{Prokhorov_Schmidt_2009,
  title     = {GMM redundancy results for general missing data problems},
  author    = {Prokhorov, Artem and Schmidt, Peter},
  journal   = {Journal of Econometrics},
  volume    = {151},
  number    = {1},
  pages     = {47--55},
  year      = {2009},
  publisher = {Elsevier},
}
@article{Rai_2022,
  title     = {Efficient estimation with missing data and endogeneity},
  author    = {Bhavna Rai},
  year      = 2023,
  month     = {feb},
  journal   = {Econometric Reviews},
  publisher = {Informa {UK} Limited},
  volume    = 42,
  number    = 2,
  pages     = {220--239},
  doi       = {10.1080/07474938.2023.2178089},
  url       = {https://doi.org/10.1080%2F07474938.2023.2178089},
}
@article{rambachan2023more,
  title     = {A more credible approach to parallel trends},
  author    = {Rambachan, Ashesh and Roth, Jonathan},
  year      = 2023,
  journal   = {Review of Economic Studies},
  publisher = {Oxford University Press US},
  pages     = {rdad018},
}
@article{Robertson_Sarafidis_2015,
  title     = {{IV} estimation of panels with factor residuals},
  author    = {Donald Robertson and Vasilis Sarafidis},
  year      = 2015,
  month     = {apr},
  journal   = {Journal of Econometrics},
  publisher = {Elsevier {BV}},
  volume    = 185,
  number    = 2,
  pages     = {526--541},
  doi       = {10.1016/j.jeconom.2014.12.001},
  url       = {https://doi.org/10.1016%2Fj.jeconom.2014.12.001},
}
@article{sant2020doubly,
  title     = {Doubly robust difference-in-differences estimators},
  author    = {Sant’Anna, Pedro HC and Zhao, Jun},
  journal   = {Journal of econometrics},
  volume    = {219},
  number    = {1},
  pages     = {101--122},
  year      = {2020},
  publisher = {Elsevier},
}
@article{stapp2014walmart,
  title   = {The Walmart Effect: Labor Market Implications in Rural and Urban Counties},
  author  = {Stapp, Jacob},
  year    = 2014,
  journal = {SS-AAEA Journal of Agricultural Economics},
  volume  = 2014,
  number  = {318-2016-9525},
  url     = {https://ideas.repec.org/a/ags/ssaaea/232737.html},
}
@article{volpe2022economic,
  title     = {The Economic Impacts of Walmart Supercenters},
  author    = {Volpe, Richard and Boland, Michael A},
  year      = 2022,
  journal   = {Annual Review of Resource Economics},
  publisher = {Annual Reviews},
  volume    = 14,
  pages     = {43--62},
  doi       = {10.1146/annurev-resource-111820-032827},
  url       = {https://doi.org/10.1146%2Fannurev-resource-111820-032827},
}
@article{Wansbeek_Kapteyn_1989,
  title     = {Estimation of the error-components model with incomplete panels},
  author    = {Wansbeek, Tom and Kapteyn, Arie},
  journal   = {Journal of Econometrics},
  volume    = {41},
  number    = {3},
  pages     = {341--361},
  year      = {1989},
  publisher = {Elsevier},
}
@article{Westerlund_2020,
  title     = {A cross-section average-based principal components approach for fixed-T panels},
  author    = {Westerlund, Joakim},
  year      = 2020,
  journal   = {Journal of Applied Econometrics},
  publisher = {Wiley Online Library},
  volume    = 35,
  number    = 6,
  pages     = {776--785},
  doi       = {10.1002/jae.2786},
  url       = {https://doi.org/10.1002%2Fjae.2786},
}
@article{Westerlund_Petrova_Norkute_2019,
  title     = {CCE in fixed-T panels},
  author    = {Westerlund, Joakim and Petrova, Yana and Norkut\.e, Milda},
  year      = 2019,
  month     = 8,
  journal   = {Journal of Applied Econometrics},
  publisher = {John Wiley and Sons Ltd},
  volume    = 34,
  pages     = {746--761},
  doi       = {10.1002/jae.2707},
  issn      = 10991255,
  url       = {https://doi.org/10.1002%2Fjae.2707},
  issue     = 5,
}
@article{Westerlund2019,
  title     = {On Estimation and Inference in Heterogeneous Panel Regressions with Interactive Effects},
  author    = {Westerlund, Joakim},
  year      = 2019,
  journal   = {Journal of Time Series Analysis},
  publisher = {Wiley Online Library},
  volume    = 40,
  number    = 5,
  pages     = {852--857},
  doi       = {10.1111/jtsa.12432},
  url       = {https://doi.org/10.1111%2Fjtsa.12432},
}
@article{windmeijer2005finite,
  title     = {A finite sample correction for the variance of linear efficient two-step GMM estimators},
  author    = {Windmeijer, Frank},
  journal   = {Journal of econometrics},
  volume    = {126},
  number    = {1},
  pages     = {25--51},
  year      = {2005},
  publisher = {Elsevier},
}
@book{Wooldridge_2010,
  title     = {Econometric analysis of cross section and panel data},
  author    = {Wooldridge, Jeffrey M},
  year      = 2010,
  publisher = {MIT press},
}
@misc{Wooldridge_2021,
  title  = {Two-Way Fixed Effects, the Two-Way Mundlak Regression, and Difference-in-Differences Estimators},
  author = {Wooldridge, Jeffrey M},
  year   = 2021,
  series = {Working Paper},
  url    = {https://papers.ssrn.com/sol3/papers.cfm?abstract_id=3906345},
}
@article{Xu_2017,
  title     = {Generalized synthetic control method: Causal inference with interactive fixed effects models},
  author    = {Xu, Yiqing},
  year      = 2017,
  journal   = {Political Analysis},
  publisher = {Cambridge University Press},
  volume    = 25,
  number    = 1,
  pages     = {57--76},
  doi       = {10.1017/pan.2016.2},
  url       = {https://doi.org/10.1017%2Fpan.2016.2},
}
@article{xu2017generalized,
  title     = {Generalized synthetic control method: Causal inference with interactive fixed effects models},
  author    = {Xu, Yiqing},
  journal   = {Political Analysis},
  volume    = {25},
  number    = {1},
  pages     = {57--76},
  year      = {2017},
  publisher = {Cambridge University Press},
}

